<collection xmlns="http://www.loc.gov/MARC21/slim">
<record>
  <leader>01198nam0a22002051i 450 </leader>
  <controlfield tag="001">IT\ICCU\CNCE\058209</controlfield>
  <controlfield tag="005">20170901000000.0</controlfield>
  <datafield tag="012" ind1=" " ind2=" ">
    <subfield code="a">heEl mace a-mo hata (C) 1537 (R)</subfield>
    <subfield code="2">fei</subfield>
  </datafield>
  <datafield tag="100" ind1=" " ind2=" ">
    <subfield code="a">20040514d1537        0itac0103    ba</subfield>
  </datafield>
  <datafield tag="101" ind1=" " ind2=" ">
    <subfield code="a">ITA</subfield>
  </datafield>
  <datafield tag="102" ind1=" " ind2=" ">
    <subfield code="a">IT</subfield>
  </datafield>
  <datafield tag="200" ind1="1" ind2=" ">
    <subfield code="a">Copia de vna lettera che a mandato il Prete Iani al sanctissimo pastor de Roma la qual narra la sua possanza &amp; richezza e l&apos;ordenanza chel tiene quando va in bataglia el numero e la quantita de lesercito \!! chel mena con esso lui: &amp; come ha sotto de luiquarantaquatro re de corona christiani senza quelli che non sono christiani: &amp; admirabile generatione de gente &amp; monstruosi animali che e nel suo paese &amp; molte altre cose marauigliose &amp; curiose da intendere stampate nouamente</subfield>
  </datafield>
  <datafield tag="210" ind1=" " ind2=" ">
    <subfield code="e">Stampata In Bressa</subfield>
    <subfield code="g">per Damiano e Iacobo Philippo</subfield>
    <subfield code="h">1537</subfield>
  </datafield>
  <datafield tag="215" ind1=" " ind2=" ">
    <subfield code="a">\2! c.</subfield>
    <subfield code="d">4ʻ</subfield>
  </datafield>
  <datafield tag="620" ind1=" " ind2=" ">
    <subfield code="a">IT</subfield>
    <subfield code="d">Brescia</subfield>
  </datafield>
  <datafield tag="712" ind1="0" ind2="0">
    <subfield code="a">Turlino, Damiano &amp; Turlino, Giacomo Filippo</subfield>
    <subfield code="3">IT\ICCU\CNCT\001053</subfield>
    <subfield code="4">650</subfield>
  </datafield>
  <datafield tag="791" ind1="0" ind2="2">
    <subfield code="a">Damianus &amp; Iacobus Philippus</subfield>
    <subfield code="3">IT\ICCU\CNCT\004145</subfield>
    <subfield code="z">Turlino, Damiano &amp; Turlino, Giacomo Filippo</subfield>
  </datafield>
  <datafield tag="801" ind1=" " ind2="3">
    <subfield code="a">IT</subfield>
    <subfield code="b">ICCU</subfield>
    <subfield code="c">20201115</subfield>
  </datafield>
  <datafield tag="899" ind1=" " ind2=" ">
    <subfield code="a">Biblioteca Ambrosiana. Milano</subfield>
    <subfield code="1">MI0133</subfield>
    <subfield code="2">VBA 01</subfield>
  </datafield>
  <datafield tag="899" ind1=" " ind2=" ">
    <subfield code="a">British Library. London</subfield>
    <subfield code="1">UK0001</subfield>
  </datafield>
</record>
</collection>
